<?xml version="1.0" encoding="UTF-8"?>
<record xmlns="http://www.loc.gov/MARC21/slim">
   <leader>01905cam a2200349 a 4500</leader>
   <controlfield tag="001">397854</controlfield>
   <controlfield tag="003">NjP</controlfield>
   <controlfield tag="005">20190705140505.0</controlfield>
   <controlfield tag="008">870917s1912    ua            000 0 ara d</controlfield>
   <datafield tag="024" ind1="7" ind2=" ">
      <subfield code="a">princeton_aco003640</subfield>
      <subfield code="2">local</subfield>
   </datafield>
   <datafield ind1=" " ind2=" " tag="040">
      <subfield code="a">NjP</subfield>
      <subfield code="c">PUL</subfield>
      <subfield code="d">PUL</subfield>
   </datafield>
   <datafield ind1=" " ind2=" " tag="035">
      <subfield code="a">(CStRLIN)NJPG87-B45150</subfield>
   </datafield>
   <datafield ind1=" " ind2=" " tag="035">
      <subfield code="9">ABX3348TS</subfield>
   </datafield>
   <datafield ind1=" " ind2=" " tag="035">
      <subfield code="a">(NjP)397854</subfield>
   </datafield>
   <datafield ind1=" " ind2=" " tag="049">
      <subfield code="a">PULL</subfield>
   </datafield>
   <datafield ind1=" " ind2=" " tag="035">
      <subfield code="a">(OCoLC)ocm81804936</subfield>
   </datafield>
   <datafield ind1="1" ind2=" " tag="100">
      <subfield code="6">880-01</subfield>
      <subfield code="a">Maḥallī, Jalāl al-Dīn Muḥammad ibn Aḥmad,</subfield>
      <subfield code="d">1389-1459.</subfield>
      <subfield code="0">http://id.loc.gov/authorities/names/n82164373</subfield>
   </datafield>
   <datafield ind1="1" ind2="3" tag="245">
      <subfield code="6">880-02</subfield>
      <subfield code="a">al-Asālīb al-jalīyah fī al-tawthīqāt al-sharʻīyah /</subfield>
      <subfield code="c">taʼlīf (A.ʻA.) al-Maḥallī wa-al-shaykh ʻAbd al-Qādir maʻrūf al-Kurdī al-Sanandajī.</subfield>
   </datafield>
   <datafield ind1=" " ind2=" " tag="250">
      <subfield code="6">880-03</subfield>
      <subfield code="a">al-Ṭabʻah 1.</subfield>
   </datafield>
   <datafield ind1=" " ind2=" " tag="260">
      <subfield code="6">880-04</subfield>
      <subfield code="a">al-Qarbīyah :</subfield>
      <subfield code="b">Ṭubiʻa ʻalá nafaqat al-Thānī wa-Muḥammad Ḥusayn Nuʻaymī al-Kurdī,</subfield>
      <subfield code="c">1912.</subfield>
   </datafield>
   <datafield ind1=" " ind2=" " tag="300">
      <subfield code="a">72 p. ;</subfield>
      <subfield code="c">20 cm.</subfield>
   </datafield>
   <datafield ind1=" " ind2="0" tag="650">
      <subfield code="a">Islamic law</subfield>
      <subfield code="x">Interpretation and construction.</subfield>
      <subfield code="0">http://id.loc.gov/authorities/subjects/sh85068455</subfield>
   </datafield>
   <datafield ind1="1" ind2=" " tag="700">
      <subfield code="6">880-05</subfield>
      <subfield code="a">Sanandajī, ʻAbd al-Qādir ibn Muḥammad,</subfield>
      <subfield code="d">1796 or 1797-1886 or 1887.</subfield>
      <subfield code="0">http://id.loc.gov/authorities/names/nr90028104</subfield>
   </datafield>
   <datafield ind1="1" ind2=" " tag="880">
      <subfield code="6">100-01/r</subfield>
      <subfield code="a">محلي، جلال الدين محمد بن احمد،</subfield>
      <subfield code="d">1389-1459.</subfield>
   </datafield>
   <datafield ind1="1" ind2="2" tag="880">
      <subfield code="6">245-02/r</subfield>
      <subfield code="a">الاساليب الجلية في التوثيقات الشرعية /</subfield>
      <subfield code="c">تأليف (ا.ع.) المحلي والشيخ عبد القادر معروف الكردي السنندجي.</subfield>
   </datafield>
   <datafield ind1=" " ind2=" " tag="880">
      <subfield code="6">250-03/r</subfield>
      <subfield code="a">الطبعة 1.</subfield>
   </datafield>
   <datafield ind1=" " ind2=" " tag="880">
      <subfield code="6">260-04/r</subfield>
      <subfield code="a">القربية :</subfield>
      <subfield code="b">طبع على نفقة الثاني ومحمد حسين نعيمي الكردي،</subfield>
      <subfield code="c">1912.</subfield>
   </datafield>
   <datafield ind1="1" ind2=" " tag="880">
      <subfield code="6">700-05/r</subfield>
      <subfield code="a">سنندجي، عبد القادر بن محمد،</subfield>
      <subfield code="d">1796 or 1797-1886 or 1887.</subfield>
   </datafield>
   <datafield ind1=" " ind2=" " tag="998">
      <subfield code="a">12/04/90</subfield>
      <subfield code="s">9118</subfield>
      <subfield code="n">NjP</subfield>
      <subfield code="w">NJPG87B45150</subfield>
      <subfield code="d">09/17/87</subfield>
      <subfield code="c">JEB</subfield>
      <subfield code="b">JEB</subfield>
      <subfield code="i">901204</subfield>
      <subfield code="l">NJPG</subfield>
   </datafield>
   <datafield ind1=" " ind2=" " tag="911">
      <subfield code="a">19921028</subfield>
   </datafield>
   <datafield ind1=" " ind2=" " tag="912">
      <subfield code="a">19910104000000.0</subfield>
   </datafield>
   <datafield ind1=" " ind2=" " tag="994">
      <subfield code="a">C0</subfield>
      <subfield code="b">PUL</subfield>
   </datafield>
   <datafield ind1=" " ind2=" " tag="999">
      <subfield code="a">397854</subfield>
   </datafield>
   <datafield ind1=" " ind2=" " tag="979">
      <subfield code="a">(OCoLC)ocn175625425</subfield>
   </datafield>
   <datafield ind1="8" ind2="0" tag="852">
      <subfield code="0">433863</subfield>
      <subfield code="b">rcppa</subfield>
      <subfield code="t">1</subfield>
      <subfield code="h">KBL</subfield>
      <subfield code="i">.M3424</subfield>
      <subfield code="x">tr fr arab</subfield>
   </datafield>
   <datafield ind1=" " ind2=" " tag="959">
      <subfield code="a">2000-06-13 00:00:00 -0400</subfield>
   </datafield>
</record>
